@Book{AIbyExample,
  author =	 {Mat Buckland},
  title = 	 {Programming Game {AI} by Example},
  publisher = 	 {Wordware Publishing, Inc.},
  year = 	 2005
}

@misc{CruiseControl,
  author    = {ThoughtWorks, Inc.},
  title     = {Cruise Control},
  year      = {2001},
  webpage   = {http://cruisecontrol.sourceforge.net/index.html},
  lastaccess = {Octubre, 2009}
}

@Book{CVS,
  author =	 {Jennifer Vesperman},
  title = 	 {Essential CVS},
  publisher = 	 {O'Reilly},
  year = 	 2003,
  isbn = {0-596-00459-1}
}

@Book{Subversion,
  author =	 {Ben Collins-Sussman and Brian W. Fitzpatrick and C. Michael Pilato},
  title = 	 {Version Control with Subversion},
  publisher = 	 {O'Reilly},
  year = 	 2004,
  isbn = {0-596-00448-6},
  webpage = {http://svnbook.red-bean.com/},
  lastaccess = {Octubre, 2009}
}

@Wikipedia{LaTeXWikipedia,
   author     = {Wikipedia},
   title      = {{LaTeX}},
   wpentry    = {LaTeX},
   language   = {es},
   webpage    = {http://es.wikipedia.org/wiki/LaTeX},
   lastaccess = {Octubre, 2009},
}


@Misc{Fowler06,
  author =	 {Martin Fowler},
  title =	 {Continuous Integration},
  year = 2006,
  webpage   = {http://martinfowler.com/articles/continuousIntegration.html},
  lastaccess = {Octubre, 2009}
}

@Book{emacsStallman,
  author =	 {Richard M. Stallman},
  title =	 {{GNU} Emacs Manual for Version 22, 16th Edition},
  publisher = 	 {Free Software Foundation},
  year = 	 {2007},
  webpage = {http://www.gnu.org/software/emacs/manual/emacs.pdf},
  lastaccess = {Octubre, 2009},
}

@Book{libroMake,
  author = {Robert Mecklenburg},
  title  = {Managing Projects with GNU Make, 3rd edition},
  publisher = {O'Reilly Media, Inc},
  year = {2004},
  isbn = {0596006101}
}

%%%% TFG

@Book{dsImportancia,
  author = {Hartkopf, W.I. and Harmanec, P. and Guinan, E.F.},
  title  = {Binary Stars as Critical Tools and Tests in Contemporary Astrophysics (IAU S240)},
  publisher = {Cambridge},
  year = {2007},
  isbn = {9780521863483}
}

@Misc{luytenPM,
  author    = {Willem J. Luyten},
  title     = {Double Stars with Common Proper Motion},
  year      = 1971,
  webpage   = {http://adsbit.harvard.edu/full/1971Ap%26SS..11...49L},
  lastaccess = {Mayo, 2018}
}

@Misc{luytenPhotos,
  author    = {Bos, W.H. van den},
  title     = {Measures of double stars on photographic plates taken by W. J. Luyten},
  year      = 1923,
  webpage   = {https://openaccess.leidenuniv.nl/handle/1887/5609},
  lastaccess = {Mayo, 2018}
}

@Book{newPairs,
  author    = {Greaves, J.},
  title     = {New Northern hemisphere common proper-motion pairs},
  publisher = {Monthly Notices of the Royal Astronomical Society, Volume 355, Issue 2, pp. 585-590.},
  year      = {2004},
  isbn = {2004MNRAS.355..585G}
}

@article{scikit-learn,
 title={Scikit-learn: Machine Learning in {P}ython},
 author={Pedregosa, F. and Varoquaux, G. and Gramfort, A. and Michel, V.
         and Thirion, B. and Grisel, O. and Blondel, M. and Prettenhofer, P.
         and Weiss, R. and Dubourg, V. and Vanderplas, J. and Passos, A. and
         Cournapeau, D. and Brucher, M. and Perrot, M. and Duchesnay, E.},
 journal={Journal of Machine Learning Research},
 volume={12},
 pages={2825--2830},
 year={2011}
}
